<record><leader>00000cas a2200000 a 4500</leader><controlfield tag="001">12788795</controlfield><controlfield tag="008">851113d18991908ksuwr ne      0    0eng d</controlfield><datafield ind1=" " ind2=" " tag="010"><subfield code="a">sn 85032021 </subfield></datafield><datafield ind1=" " ind2=" " tag="040"><subfield code="a">KSH</subfield><subfield code="b">eng</subfield><subfield code="c">KSH</subfield><subfield code="d">NPT</subfield><subfield code="d">NYS</subfield><subfield code="d">CNW</subfield><subfield code="d">NVG</subfield><subfield code="d">FUG</subfield><subfield code="d">OCL</subfield><subfield code="d">OCLCQ</subfield><subfield code="d">DLC</subfield><subfield code="d">OCLCA</subfield><subfield code="d">OCLCF</subfield></datafield><datafield ind1="1" ind2=" " tag="029"><subfield code="a">AU@</subfield><subfield code="b">000022165098</subfield></datafield><datafield ind1=" " ind2=" " tag="042"><subfield code="a">msc</subfield></datafield><datafield ind1=" " ind2=" " tag="043"><subfield code="a">n-us-ks</subfield></datafield><datafield ind1="0" ind2=" " tag="130"><subfield code="a">Farmers advocate (Topeka, Kan.)</subfield></datafield><datafield ind1="1" ind2="4" tag="245"><subfield code="a">The farmers advocate.</subfield></datafield><datafield ind1=" " ind2=" " tag="260"><subfield code="a">Topkea, Kan. :</subfield><subfield code="b">Geo. B. Harrison &amp; Co.,</subfield><subfield code="c">1899-</subfield></datafield><datafield ind1=" " ind2=" " tag="300"><subfield code="a">v. :</subfield><subfield code="b">ill. ;</subfield><subfield code="c">40 cm.</subfield></datafield><datafield ind1=" " ind2=" " tag="310"><subfield code="a">Weekly</subfield></datafield><datafield ind1="0" ind2=" " tag="362"><subfield code="a">11th year, no. 16 (Apr. 19, 1899)-</subfield></datafield><datafield ind1="1" ind2=" " tag="362"><subfield code="a">Ceased with Dec. 5, 1908 issue?</subfield></datafield><datafield ind1=" " ind2=" " tag="500"><subfield code="a">Published by: H.N. Gaines, Nov. 7, 1900-Sept. 20, 1901; Advocate Pub. Co., Sept. 27, 1901-Mar. 26, 1908; Western Printing &amp; Pub. Co., Apr. 2, 1908-</subfield></datafield><datafield ind1="8" ind2=" " tag="521"><subfield code="a">"A newspaper for farmers, laborers and homes."</subfield></datafield><datafield ind1=" " ind2=" " tag="580"><subfield code="a">Absorbed the periodicals called: Central farmer, Aug. 1903; Western life, Apr. 2, 1908; Western breeders journal, Apr. 2, 1908.</subfield></datafield><datafield ind1=" " ind2="0" tag="650"><subfield code="a">Farmers</subfield><subfield code="z">Kansas.</subfield></datafield><datafield ind1=" " ind2="0" tag="650"><subfield code="a">Agricultural laborers</subfield><subfield code="z">Kansas.</subfield></datafield><datafield ind1=" " ind2="0" tag="651"><subfield code="a">Topeka (Kan.)</subfield><subfield code="v">Newspapers.</subfield></datafield><datafield ind1=" " ind2="7" tag="655"><subfield code="a">Newspapers.</subfield><subfield code="2">fast</subfield><subfield code="0">(OCoLC)fst01423814</subfield></datafield><datafield ind1=" " ind2="7" tag="650"><subfield code="a">Agricultural laborers.</subfield><subfield code="2">fast</subfield><subfield code="0">(OCoLC)fst00800949</subfield></datafield><datafield ind1=" " ind2="7" tag="650"><subfield code="a">Farmers.</subfield><subfield code="2">fast</subfield><subfield code="0">(OCoLC)fst00921321</subfield></datafield><datafield ind1=" " ind2="7" tag="651"><subfield code="a">Kansas.</subfield><subfield code="2">fast</subfield><subfield code="0">(OCoLC)fst01204323</subfield></datafield><datafield ind1=" " ind2="7" tag="651"><subfield code="a">Kansas</subfield><subfield code="z">Topeka.</subfield><subfield code="2">fast</subfield><subfield code="0">(OCoLC)fst01207212</subfield></datafield><datafield ind1=" " ind2=" " tag="752"><subfield code="a">United States</subfield><subfield code="b">Kansas</subfield><subfield code="c">Shawnee</subfield><subfield code="d">Topeka.</subfield></datafield><datafield ind1="0" ind2="0" tag="780"><subfield code="t">Advocate and news</subfield><subfield code="x">2329-2547</subfield><subfield code="w">(DLC)sn 85032019</subfield><subfield code="w">(OCoLC)12759330</subfield></datafield><datafield ind1="0" ind2="5" tag="780"><subfield code="t">Jerry Simpson's bayonet</subfield><subfield code="g">Sept. 1900</subfield><subfield code="w">(DLC)sn 85032423</subfield></datafield><datafield ind1="0" ind2="5" tag="780"><subfield code="t">Kansas State register (Topeka, Kan.)</subfield><subfield code="w">(DLC)sn 85067107</subfield></datafield><datafield ind1="1" ind2="5" tag="780"><subfield code="t">Central farmer</subfield><subfield code="w">(DLC)sn 95066010</subfield></datafield><datafield ind1="1" ind2="5" tag="780"><subfield code="t">Western life</subfield></datafield><datafield ind1="1" ind2="5" tag="780"><subfield code="t">Western breeders journal</subfield></datafield><datafield ind1="0" ind2="4" tag="785"><subfield code="t">Kansas farmer (Topeka, Kan.)</subfield><subfield code="w">(DLC)sn 96027720</subfield><subfield code="w">(OCoLC)1400022</subfield></datafield></record>